<record><leader>00000cas a22000007a 4500</leader><controlfield tag="001">24707146</controlfield><controlfield tag="008">911107d1958196unyuwr ne      0    0eng d</controlfield><datafield ind1=" " ind2=" " tag="010"><subfield code="a">sn 91066960 </subfield></datafield><datafield ind1=" " ind2=" " tag="040"><subfield code="a">NYS</subfield><subfield code="b">eng</subfield><subfield code="c">NYS</subfield><subfield code="d">OCLCQ</subfield><subfield code="d">NYG</subfield><subfield code="d">OCLCF</subfield></datafield><datafield ind1="1" ind2=" " tag="029"><subfield code="a">AU@</subfield><subfield code="b">000025854857</subfield></datafield><datafield ind1=" " ind2=" " tag="042"><subfield code="a">msc</subfield></datafield><datafield ind1="0" ind2="4" tag="245"><subfield code="a">The Rockland independent and the Mahwah star.</subfield></datafield><datafield ind1="3" ind2="0" tag="246"><subfield code="a">Mahwah star</subfield></datafield><datafield ind1=" " ind2=" " tag="260"><subfield code="a">Suffern, N.Y. :</subfield><subfield code="b">Rockland Independent Inc.,</subfield><subfield code="c">1958-</subfield></datafield><datafield ind1=" " ind2=" " tag="300"><subfield code="a">v. :</subfield><subfield code="b">ill.</subfield></datafield><datafield ind1=" " ind2=" " tag="310"><subfield code="a">Weekly</subfield></datafield><datafield ind1="0" ind2=" " tag="362"><subfield code="a">Vol. 64, no. 33 (Aug. 14, 1958)-</subfield></datafield><datafield ind1=" " ind2=" " tag="500"><subfield code="a">Published on Thursday.</subfield></datafield><datafield ind1=" " ind2=" " tag="588"><subfield code="a">Latest issue consulted: Vol. 67, no. 26 (June 29, 1961).</subfield></datafield><datafield ind1=" " ind2="0" tag="651"><subfield code="a">Suffern (N.Y.)</subfield><subfield code="v">Newspapers.</subfield></datafield><datafield ind1=" " ind2="0" tag="651"><subfield code="a">Mahwah (N.J.)</subfield><subfield code="v">Newspapers.</subfield></datafield><datafield ind1=" " ind2="7" tag="655"><subfield code="a">Newspapers.</subfield><subfield code="2">fast</subfield><subfield code="0">(OCoLC)fst01423814</subfield></datafield><datafield ind1=" " ind2="7" tag="651"><subfield code="a">New Jersey</subfield><subfield code="z">Mahwah.</subfield><subfield code="2">fast</subfield><subfield code="0">(OCoLC)fst01232144</subfield></datafield><datafield ind1=" " ind2="7" tag="651"><subfield code="a">New York (State)</subfield><subfield code="z">Suffern.</subfield><subfield code="2">fast</subfield><subfield code="0">(OCoLC)fst01217197</subfield></datafield><datafield ind1=" " ind2=" " tag="752"><subfield code="a">United States</subfield><subfield code="b">New York</subfield><subfield code="c">Rockland</subfield><subfield code="d">Suffern.</subfield></datafield><datafield ind1=" " ind2=" " tag="752"><subfield code="a">United States</subfield><subfield code="b">New Jersey</subfield><subfield code="c">Bergen</subfield><subfield code="d">Mahwah.</subfield></datafield><datafield ind1="0" ind2="0" tag="780"><subfield code="t">Rockland independent (Suffern, N.Y. : 1956)</subfield><subfield code="w">(DLC)sn 88075700</subfield><subfield code="w">(OCoLC)17913840</subfield></datafield><datafield ind1="0" ind2="0" tag="785"><subfield code="t">Rockland independent (Suffern, N.Y. : 1966)</subfield><subfield code="w">(DLC)sn 91066961</subfield><subfield code="w">(OCoLC)24707145</subfield></datafield></record>